<?xml version="1.0" encoding="UTF-8"?><collection xmlns="http://www.loc.gov/MARC21/slim"><record><leader>00525nam--2200145-i-4500</leader><controlfield tag="001">000016631</controlfield><controlfield tag="002">20161230</controlfield><controlfield tag="005">20161230201031</controlfield><controlfield tag="008">060222s1000------------r-----000-0-eng-d</controlfield><datafield ind1=" " ind2=" " tag="080"><subfield code="a">538.93(043)</subfield></datafield><datafield ind1=" " ind2=" " tag="100"><subfield code="a">Sandu, Viorel Constantin</subfield></datafield><datafield ind1=" " ind2=" " tag="245"><subfield code="a">Contributii la studiul fenomenelor de transport in supraconductorii cu temperatura critica inalta dopati cu elemente usoare (li). teza</subfield></datafield><datafield ind1=" " ind2=" " tag="260"><subfield code="a">Bucuresti, Institutul De Fizica Atomica, 1997. 325 P</subfield></datafield><datafield ind1=" " ind2=" " tag="653"><subfield code="a">Transport Processes, Magnetism, Electromagnetism</subfield></datafield><datafield ind1=" " ind2=" " tag="852"><subfield code="a">80824</subfield></datafield></record></collection>